@Book{xie2015,
  title = {Dynamic Documents with {R} and knitr},
  author = {Yihui Xie},
  publisher = {Chapman and Hall/CRC},
  address = {Boca Raton, Florida},
  year = {2015},
  edition = {2nd},
  note = {ISBN 978-1498716963},
  url = {http://yihui.org/knitr/},
}
@article{Teixeira2020,
  author={Teixeira, Edmar. and Ausseil, Anne-Gaelle. and Burgue{\~{n}}o, Eric. and Brown, Hamish. and Cichota, Rogerio. and Davy, Marcus. and Ewert, Frank. and Guo, Jing. and Holmes, Allister. and Holzworth, Dean. and Hu, Wei. and de Ruiter, John. and Hume, Ellen. and Jesson, Linley. and Johnstone, Paul. and Powell, John. and Kersebaum, Kurt Christian. and Kong, Hymmi. and Liu, Jian
and Lilburne, Linda. and Meiyalaghan, Sathiyamoorthy. and Storey, Roy. and Richards, Kate. and Tait, Andrew. and van der Weerden, Tony},
  editor={Mirschel, Wilfried. and Terleev, Vitaly V. and Wenkel, Karl-Otto},
  title={A Spatial Analysis Framework to Assess Responses of Agricultural Landscapes to Climates and Soils at Regional Scale},
  bookTitle={Landscape Modelling and Decision Support},
  year={2020},
  publisher={Springer International Publishing},
  address={Cham},
  pages={495--508},
  isbn={978-3-030-37421-1},
  doi={10.1007/978-3-030-37421-1_25},
  url={https://doi.org/10.1007/978-3-030-37421-1_25}
}

